@MISC {kaichang,
    author       = "Kai Chang",
    title        = "{Parallel Coordinates}",
    howpublished = "\url{https://syntagmatic.github.io/parallel-coordinates/}",
    note         = "Last Accessed:  15 March 2017"
}

@MISC {mikebostock,
    author       = "Mike Bostock",
    title        = "{Zoomable Treemaps}",
    howpublished = "\url{https://bost.ocks.org/mike/treemap/}",
    note         = "Last Accessed:  15 March 2017"
}
 
@MISC {d3,
    author       = "D3 Team",
    title        = "{D3 API Reference}",
    howpublished = "\url{https://github.com/d3/d3/blob/master/API.md}",
    note         = "Last Accessed:  15 March 2017"
}

@MISC {openrefineteam,
    author       = "OpenRefine Team",
    title        = "OpenRefine",
    howpublished = "\url{http://openrefine.org/}",
    note         = "Last Accessed:  15 March 2017"
}

@MISC {heroku,
    author       = "Heroku",
    title        = "Getting Started on Heroku with Node.js",
    howpublished = "\url{https://devcenter.heroku.com/articles/getting-started-with-nodejs#introduction}",
    note         = "Last Accessed:  15 March 2017"
}